%
% media
%

@misc{ForrestGumpMovie,
	author = "Robert Zemeckis",
	title = "{Forrest Gump} [motion picture]",
	howpublished = "United States, Paramount Pictures",
	year = 1994,
}

@misc{ForrestGumpiGermanAD,
	author = "Olaf Koop and Hela Michalski and Rudolf Beckmann and Thomas Meinhardt and Bernd Benecke",
	title = "{Forrest Gump} [{G}erman audio description of the motion picture]",
	howpublished = "{H\"orfilm e.V. Berlin} and {Schweizer Radio und Fernsehen}, produced by {Bayrischer Rundfunk}",
	year = 2009,
}

@misc{ForrestGumpDVD,
	author = "Robert Zemeckis",
	title = "{Forrest Gump} [motion picture, dubbed German soundtrack]",
	howpublished = "DVD, Paramount Home Entertainment (Germany)",
	year = 2002,
	note = "{PAL} video, {DE103519SV}"
}

@article{hasson2004intersubject,
  title={Intersubject synchronization of cortical activity during natural vision},
  author={Hasson, Uri and Nir, Yuval and Levy, Ifat and Fuhrmann, Galit and Malach, Rafael},
  journal={Science},
  volume={303},
  number={5664},
  pages={1634--1640},
  year={2004},
  publisher={American Association for the Advancement of Science}
}

@article{LRS+2015,
  author={Annika Labs and Theresa Reich and Helene Schulenburg and Manuel Boennen and Mareike Gehrke and Madleen Golz and Benita Hartigs and Nico Hoffmann and Sebastian Keil and Malú Perlow and Anne Katrin Peukmann and Lea Noell Rabe and Franca-Rosa von Sobbe and Michael Hanke},
 year=2015,
 title={Portrayed emotions in the movie "{Forrest Gump}"},
 journal={F1000Research},
 volume={4:92}
}

@article{HDH+2015,
  author={Michael Hanke and Richard Dinga and Christian H\"ausler and J.~Swaroop Guntupalli and Michael Casey and Falko R. Kaule and J\"org Stadler},
  year=2015,
  title={High-resolution {7-Tesla fMRI} data on the perception of musical genres -- an extension to the studyforrest dataset},
  journal={F1000Research},
  volume={4:174}
}

@article{HH2015,
  author={Hanke, M. and Halchenko, Y. O.},
  year=2015,
  title={A communication hub for a decentralized collaboration on studying real-life cognition},
  journal={F1000Research},
  volume={4:62}
}

@article{HAK+16,
	author = {Michael Hanke and Nico Adelhöfer and Daniel Kottke and Vittorio Iacovella and Ayan Sengupta and Falko R. Kaule and Roland Nigbur and Alexander Q. Waite and Florian J. Baumgartner and J\"org Stadler},
	journal = {Scientific Data},
	title = {A studyforrest extension, simultaneous fMRI and eye gaze recordings during prolonged natural stimulation},
	year = {2016},
	pages = {submitted}
}

}


